<?xml version="1.0" encoding="UTF-8"?><collection xmlns="http://www.loc.gov/MARC21/slim"><record><leader>00535nam--2200181-i-4500</leader><controlfield tag="001">000016004</controlfield><controlfield tag="002">20161230</controlfield><controlfield tag="005">20161230201031</controlfield><controlfield tag="008">060222s1000------------r-----000-0-eng-d</controlfield><datafield ind1=" " ind2=" " tag="040"><subfield code="a">IFIN-HH</subfield></datafield><datafield ind1=" " ind2=" " tag="080"><subfield code="a">535.23.08</subfield></datafield><datafield ind1="1" ind2=" " tag="100"><subfield code="a">Bauer, Georg</subfield></datafield><datafield ind1="1" ind2="0" tag="245"><subfield code="a">Measurement of optical radiations</subfield><subfield code="b">The de tection of electromagnetic radiation from ultra -violet to infra-red</subfield><subfield code="c">Georg bauer</subfield></datafield><datafield ind1=" " ind2=" " tag="260"><subfield code="a">London</subfield><subfield code="b">The Focal Press</subfield><subfield code="c">1962</subfield></datafield><datafield ind1=" " ind2=" " tag="300"><subfield code="a">134 P</subfield></datafield><datafield ind1=" " ind2=" " tag="490"><subfield code="a">The Focal Library</subfield></datafield><datafield ind1=" " ind2=" " tag="852"><subfield code="a">21878</subfield><subfield code="c">535</subfield></datafield><datafield ind1=" " ind2=" " tag="CAT"><subfield code="a">Sys</subfield><subfield code="c">20101022</subfield><subfield code="h">132030</subfield></datafield></record></collection>